@article{Venumadhav:2014tqa,
      author         = "Venumadhav, Tejaswi and Oklopcic, Antonija and Gluscevic,
                        Vera and Mishra, Abhilash and Hirata, Christopher M.",
      title          = "{A new probe of magnetic fields in the pre-reionization
                        epoch: I. Formalism}",
      year           = "2014",
      eprint         = "1410.2250",
      archivePrefix  = "arXiv",
      primaryClass   = "astro-ph.CO",
      SLACcitation   = "%%CITATION = ARXIV:1410.2250;%%",
}

@article{Weinberg201387,
title = "Observational probes of cosmic acceleration ",
journal = "Physics Reports ",
volume = "530",
number = "2",
pages = "87 - 255",
year = "2013",
note = "Observational Probes of Cosmic Acceleration ",
issn = "0370-1573",
doi = "http://dx.doi.org/10.1016/j.physrep.2013.05.001",
url = "http://www.sciencedirect.com/science/article/pii/S0370157313001592",
author = "David H. Weinberg and Michael J. Mortonson and Daniel J. Eisenstein and Christopher Hirata and Adam G. Riess and Eduardo Rozo"
}