@article{HuWhite97,
   author = {{Hu}, W. and {White}, M.},
    title = "{CMB anisotropies: Total angular momentum method}",
  journal = {\prd},
   eprint = {astro-ph/9702170},
 keywords = {Background radiations, Observational cosmology},
     year = 1997,
    month = jul,
   volume = 56,
    pages = {596-615},
      doi = {10.1103/PhysRevD.56.596},
   adsurl = {http://adsabs.harvard.edu/abs/1997PhRvD..56..596H},
  adsnote = {Provided by the SAO/NASA Astrophysics Data System}
}

@book{Blum12,
  author = {Blum, Karl},
  title = {Density Matrix Theory and Applications},
  publisher = {Springer Berlin Heidelberg},
  year = 2012,
  }
   
@book{Lifshitz71,
   author = {{Berestetskii}, V.~B. and {Lifshitz}, E.~M. and {Pitaevskii}, V.~B.},
   title = {Relativistic quantum theory. Pt.1},
   publisher = {Pergamon Press},
   year = 1971,
   adsurl = {http://adsabs.harvard.edu/abs/1971rqt..book.....B},
   adsnote = {Provided by the SAO/NASA Astrophysics Data System}
}

@book{Varshalovich88,
   added-at = {2010-10-02T18:22:22.000+0200},
   address = {Singapore},
   author = {Varshalovich, D. A. and Moskalev, A. N. and Khersonskii, V. K.},
   biburl = {http://www.bibsonomy.org/bibtex/2e219e2c1ef95a1fb3f482ffde9895471/brouder},
   interhash = {b359644e6b011b66691769603d751e1b},
   intrahash = {e219e2c1ef95a1fb3f482ffde9895471},
   keywords = {imported},
   publisher = {World Scientific},
   timestamp = {2010-10-02T18:22:22.000+0200},
   title = {Quantum Theory of Angular Momentum},
   year = 1988
}

@article{HirataSigurdson07,
   author = {{Hirata}, C.~M. and {Sigurdson}, K.},
   title = "{The spin-resolved atomic velocity distribution and 21-cm line profile of dark-age gas}",
   journal = {MNRAS},
   eprint = {astro-ph/0605071},
   keywords = {atomic processes, line: profiles, intergalactic medium, cosmology: theory},
   year = 2007,
   month = mar,
   volume = 375,
   pages = {1241-1264},
   doi = {10.1111/j.1365-2966.2006.11321.x},
   adsurl = {http://adsabs.harvard.edu/abs/2007MNRAS.375.1241H},
   adsnote = {Provided by the SAO/NASA Astrophysics Data System}
}

booktitle = {Optical Coherence and Quantum Optics, by Leonard Mandel and Emil Wolf, pp.~1192.~ISBN 0521417112.~Cambridge, UK: Cambridge University Press, September 1995.},

@book{Wolf95,
   author = {{Mandel}, L. and {Wolf}, E.},
   title = "{Optical Coherence and Quantum Optics}",
   publisher = "Cambridge University Press",
   year = 1995,
   month = sep,
   adsurl = {http://adsabs.harvard.edu/abs/1995ocqo.book.....M},
   adsnote = {Provided by the SAO/NASA Astrophysics Data System}
}

@article{Yamazaki10,
   author = {{Yamazaki}, D.~G. and {Ichiki}, K. and {Kajino}, T. and {Mathews}, G.~J.},
   title = "{Primordial Magnetic Field Effects on the CMB and Large-Scale Structure}",
   journal = {Advances in Astronomy},
   archivePrefix = "arXiv",
   eprint = {1112.4922},
   primaryClass = "astro-ph.CO",
   year = 2010,
   volume = 2010,
   adsurl = {http://adsabs.harvard.edu/abs/2010AdAst2010E..80Y},
   adsnote = {Provided by the SAO/NASA Astrophysics Data System}
}

@article{Blasi99,
   author = {{Blasi}, P. and {Burles}, S. and {Olinto}, A.~V.},	       
   title = "{Cosmological Magnetic Field Limits in an Inhomogeneous Universe}",
   journal = {Astrophysical Journal, Letters},
   eprint = {astro-ph/9812487},
   keywords = {COSMOLOGY: OBSERVATIONS, GALAXIES: INTERGALACTIC MEDIUM, MAGNETIC FIELDS, GALAXIES: QUASARS: ABSORPTION LINES},
   year = 1999,
   month = apr,
   volume = 514,
   pages = {L79-L82},
   adsurl = {http://adsabs.harvard.edu/abs/1999ApJ...514L..79B},
   adsnote = {Provided by the SAO/NASA Astrophysics Data System}
}

@article{Neronov10,
   author = {{Neronov}, A. and {Vovk}, I.},
   title = "{Evidence for Strong Extragalactic Magnetic Fields from Fermi Observations of TeV Blazars}",
   journal = {Science},
   archivePrefix = "arXiv",
   eprint = {1006.3504},
   primaryClass = "astro-ph.HE",
   year = 2010,
   month = apr,
   volume = 328,
   pages = {73-},
   doi = {10.1126/science.1184192},
   adsurl = {http://adsabs.harvard.edu/abs/2010Sci...328...73N},
   adsnote = {Provided by the SAO/NASA Astrophysics Data System}
}

@article{Tavecchio10,
   author = {{Tavecchio}, F. and {Ghisellini}, G. and {Foschini}, L. and 
	   {Bonnoli}, G. and {Ghirlanda}, G. and {Coppi}, P.},
   title = "{The intergalactic magnetic field constrained by Fermi/Large Area Telescope observations of the TeV blazar 1ES0229+200}",
   journal = {MNRAS},
   archivePrefix = "arXiv",
   eprint = {1004.1329},
   primaryClass = "astro-ph.CO",
   keywords = {radiation mechanisms: non-thermal, galaxies: active, BL Lacertae objects: individual: 1ES0229+200, galaxies: jets, gamma-rays: observations},
   year = 2010,
   month = jul,
   volume = 406,
   pages = {L70-L74},
   doi = {10.1111/j.1745-3933.2010.00884.x},
   adsurl = {http://adsabs.harvard.edu/abs/2010MNRAS.406L..70T},
   adsnote = {Provided by the SAO/NASA Astrophysics Data System}
}

@ARTICLE{Dolag11,
   author = {{Dolag}, K. and {Kachelriess}, M. and {Ostapchenko}, S. and 
	   {Tom{\`a}s}, R.},
   title = "{Lower Limit on the Strength and Filling Factor of Extragalactic Magnetic Fields}",
   journal = {Astrophysical Journal, Letters},
   archivePrefix = "arXiv",
   eprint = {1009.1782},
   primaryClass = "astro-ph.HE",
   keywords = {galaxies: active, galaxies: jets, gamma rays: galaxies, magnetic fields, methods: numerical},
   year = 2011,
   month = jan,
   volume = 727,
   eid = {L4},
   pages = {L4},
   doi = {10.1088/2041-8205/727/1/L4},
   adsurl = {http://adsabs.harvard.edu/abs/2011ApJ...727L...4D},
   adsnote = {Provided by the SAO/NASA Astrophysics Data System}
}

@article{Broderick12,
   author = {{Broderick}, A.~E. and {Chang}, P. and {Pfrommer}, C.},
   title = "{The Cosmological Impact of Luminous TeV Blazars. I. Implications of Plasma Instabilities for the Intergalactic Magnetic Field and Extragalactic Gamma-Ray Background}",
   journal = {Astrophysical Journal},
   archivePrefix = "arXiv",
   eprint = {1106.5494},
   primaryClass = "astro-ph.CO",
   keywords = {BL Lacertae objects: general, gamma rays: general, instabilities, magnetic fields, plasmas, radiation mechanisms: non-thermal},
   year = 2012,
   month = jun,
   volume = 752,
   eid = {22},
   pages = {22},
   doi = {10.1088/0004-637X/752/1/22},
   adsurl = {http://adsabs.harvard.edu/abs/2012ApJ...752...22B},
   adsnote = {Provided by the SAO/NASA Astrophysics Data System}
}

@article{Zygelman10,
   author = {{Zygelman}, B.},
    title = "{Electronic spin-flipping collisions of hydrogen atoms}",
  journal = {\pra},
 keywords = {Elastic, ultracold collisions},
     year = 2010,
    month = mar,
   volume = 81,
   number = 3,
      eid = {032506},
    pages = {032506},
      doi = {10.1103/PhysRevA.81.032506},
   adsurl = {http://adsabs.harvard.edu/abs/2010PhRvA..81c2506Z},
  adsnote = {Provided by the SAO/NASA Astrophysics Data System}
}

@article{Zygelman05,
   author = {{Zygelman}, B.},
    title = "{Hyperfine Level-changing Collisions of Hydrogen Atoms and Tomography of the Dark Age Universe}",
  journal = {Astrophysical Journal},
 keywords = {Atomic Data, Cosmology: Early Universe, Galaxies: Intergalactic Medium, Radio Lines: General},
     year = 2005,
    month = apr,
   volume = 622,
    pages = {1356-1362},
      doi = {10.1086/427682},
   adsurl = {http://adsabs.harvard.edu/abs/2005ApJ...622.1356Z},
  adsnote = {Provided by the SAO/NASA Astrophysics Data System}
}

@ARTICLE{Hirata06,
   author = {{Hirata}, C.~M.},
    title = "{Wouthuysen-Field coupling strength and application to high-redshift 21-cm radiation}",
  journal = {MNRAS},
   eprint = {astro-ph/0507102},
 keywords = {radiative transfer-intergalactic medium},
     year = 2006,
    month = mar,
   volume = 367,
    pages = {259-274},
      doi = {10.1111/j.1365-2966.2005.09949.x},
   adsurl = {http://adsabs.harvard.edu/abs/2006MNRAS.367..259H},
  adsnote = {Provided by the SAO/NASA Astrophysics Data System}
}

@article{Balling64,
  title = {Frequency Shifts in Spin-Exchange Optical Pumping Experiments},
  author = {Balling, L. C. and Hanson, R. J. and Pipkin, F. M.},
  journal = {Phys. Rev.},
  volume = {133},
  issue = {3A},
  pages = {A607--A626},
  numpages = {0},
  year = {1964},
  month = {Feb},
  publisher = {American Physical Society},
  doi = {10.1103/PhysRev.133.A607},
  url = {http://link.aps.org/doi/10.1103/PhysRev.133.A607}
}

@article{Vallee04,
title = "Cosmic magnetic fields â€“ as observed in the Universe, in galactic dynamos, and in the Milky Way ",
journal = "New Astronomy Reviews ",
volume = "48",
number = "10",
pages = "763 - 841",
year = "2004",
note = "",
issn = "1387-6473",
doi = "http://dx.doi.org/10.1016/j.newar.2004.03.017",
url = "http://www.sciencedirect.com/science/article/pii/S138764730400065X",
author = "Jacques P. Vallee",
keywords = "Physical data: magnetic fields",
keywords = "Cosmology: observations",
keywords = "Galaxies: clusters",
keywords = "Galaxies: intergalactic medium",
keywords = "Galaxies: magnetic fields",
keywords = "Ism: magnetic fields "
}

@article{Naoz13,
   author = {{Naoz}, S. and {Narayan}, R.},
    title = "{Generation of Primordial Magnetic Fields on Linear Overdensity Scales}",
  journal = {Physical Review Letters},
archivePrefix = "arXiv",
   eprint = {1304.5792},
 primaryClass = "astro-ph.CO",
 keywords = {Electric and magnetic fields, Cosmology},
     year = 2013,
    month = aug,
   volume = 111,
   number = 5,
      eid = {051303},
    pages = {051303},
      doi = {10.1103/PhysRevLett.111.051303},
   adsurl = {http://adsabs.harvard.edu/abs/2013PhRvL.111e1303N},
  adsnote = {Provided by the SAO/NASA Astrophysics Data System}
}

@ARTICLE{Happer72,
   author = {{Happer}, W.},
    title = "{Optical Pumping}",
  journal = {Reviews of Modern Physics},
     year = 1972,
    month = apr,
   volume = 44,
    pages = {169-249},
      doi = {10.1103/RevModPhys.44.169},
   adsurl = {http://adsabs.harvard.edu/abs/1972RvMP...44..169H},
  adsnote = {Provided by the SAO/NASA Astrophysics Data System}
}

@article{Barrat61,
	author = {{Barrat, J.P.} and {Cohen-Tannoudji, C.}},
	title = {Ã‰tude du pompage optique dans le formalisme de la matrice densitÃ©},
	DOI= "10.1051/jphysrad:01961002206032900",
	url= "http://dx.doi.org/10.1051/jphysrad:01961002206032900",
	journal = {J. Phys. Radium},
	year = 1961,
	volume = 22,
	number = 6,
	pages = "329-336",
}

@ARTICLE{Bommier78,
   author = {{Bommier}, V. and {Sahal-Brechot}, S.},
    title = "{Quantum theory of the Hanle effect - Calculations of the Stokes parameters of the D3 helium line for quiescent prominences}",
  journal = {\aap},
 keywords = {Astronomical Spectroscopy, Fluorescence, Quantum Theory, Solar Magnetic Field, Solar Prominences, D Lines, Electron Transitions, Helium, Line Spectra, Matrices (Mathematics), Photons, Polarization Characteristics},
     year = 1978,
    month = sep,
   volume = 69,
    pages = {57-64},
   adsurl = {http://adsabs.harvard.edu/abs/1978A%26A....69...57B},
  adsnote = {Provided by the SAO/NASA Astrophysics Data System}
}

@ARTICLE{Pritchard12,
   author = {{Pritchard}, J.~R. and {Loeb}, A.},
    title = "{21 cm cosmology in the 21st century}",
  journal = {Reports on Progress in Physics},
archivePrefix = "arXiv",
   eprint = {1109.6012},
 primaryClass = "astro-ph.CO",
     year = 2012,
    month = aug,
   volume = 75,
   number = 8,
      eid = {086901},
    pages = {086901},
      doi = {10.1088/0034-4885/75/8/086901},
   adsurl = {http://adsabs.harvard.edu/abs/2012RPPh...75h6901P},
  adsnote = {Provided by the SAO/NASA Astrophysics Data System}
}

@INPROCEEDINGS{2005LNP...664...89W,
   author = {{Wielebinski}, R.},
    title = "{Magnetic Fields in the Milky Way, Derived from Radio Continuum Observations and Faraday Rotation Studies}",
booktitle = {Cosmic Magnetic Fields},
     year = 2005,
   series = {Lecture Notes in Physics, Berlin Springer Verlag},
   volume = 664,
   editor = {{Wielebinski}, R. and {Beck}, R.},
    pages = {89},
      doi = {10.1007/11369875_5},
   adsurl = {http://adsabs.harvard.edu/abs/2005LNP...664...89W},
  adsnote = {Provided by the SAO/NASA Astrophysics Data System}
}

@ARTICLE{2012SSRv..166..215B,
   author = {{Beck}, R.},
    title = "{Magnetic Fields in Galaxies}",
  journal = {\ssr},
 keywords = {Synchrotron emission, Radio telescopes, Faraday rotation, Dynamo action, Galaxies: spiral structure, Galaxies: magnetic fields},
     year = 2012,
    month = may,
   volume = 166,
    pages = {215-230},
      doi = {10.1007/s11214-011-9782-z},
   adsurl = {http://adsabs.harvard.edu/abs/2012SSRv..166..215B},
  adsnote = {Provided by the SAO/NASA Astrophysics Data System}
}

@ARTICLE{2008Natur.454..302B,
   author = {{Bernet}, M.~L. and {Miniati}, F. and {Lilly}, S.~J. and {Kronberg}, P.~P. and 
	{Dessauges-Zavadsky}, M.},
    title = "{Strong magnetic fields in normal galaxies at high redshift}",
  journal = {\nat},
archivePrefix = "arXiv",
   eprint = {0807.3347},
     year = 2008,
    month = jul,
   volume = 454,
    pages = {302-304},
      doi = {10.1038/nature07105},
   adsurl = {http://adsabs.harvard.edu/abs/2008Natur.454..302B},
  adsnote = {Provided by the SAO/NASA Astrophysics Data System}
}

@ARTICLE{2013A&ARv..21...62D,
   author = {{Durrer}, R. and {Neronov}, A.},
    title = "{Cosmological magnetic fields: their generation, evolution and observation}",
  journal = {\aapr},
archivePrefix = "arXiv",
   eprint = {1303.7121},
 primaryClass = "astro-ph.CO",
 keywords = {Cosmology, Magnetic fields, Early Universe, Cosmic microwave background, Gamma rays},
     year = 2013,
    month = jun,
   volume = 21,
      eid = {62},
    pages = {62},
      doi = {10.1007/s00159-013-0062-7},
   adsurl = {http://adsabs.harvard.edu/abs/2013A%26ARv..21...62D},
  adsnote = {Provided by the SAO/NASA Astrophysics Data System}
}

@ARTICLE{2012SSRv..166...37W,
   author = {{Widrow}, L.~M. and {Ryu}, D. and {Schleicher}, D.~R.~G. and 
	{Subramanian}, K. and {Tsagas}, C.~G. and {Treumann}, R.~A.},
    title = "{The First Magnetic Fields}",
  journal = {\ssr},
archivePrefix = "arXiv",
   eprint = {1109.4052},
 primaryClass = "astro-ph.CO",
 keywords = {Magnetic fields, Inflation, Early Universe, Quark-hadron transition},
     year = 2012,
    month = may,
   volume = 166,
    pages = {37-70},
      doi = {10.1007/s11214-011-9833-5},
   adsurl = {http://adsabs.harvard.edu/abs/2012SSRv..166...37W},
  adsnote = {Provided by the SAO/NASA Astrophysics Data System}
}

@ARTICLE{2013PhRvL.111e1303N,
   author = {{Naoz}, S. and {Narayan}, R.},
    title = "{Generation of Primordial Magnetic Fields on Linear Overdensity Scales}",
  journal = {Physical Review Letters},
archivePrefix = "arXiv",
   eprint = {1304.5792},
 primaryClass = "astro-ph.CO",
 keywords = {Electric and magnetic fields, Cosmology},
     year = 2013,
    month = aug,
   volume = 111,
   number = 5,
      eid = {051303},
    pages = {051303},
      doi = {10.1103/PhysRevLett.111.051303},
   adsurl = {http://adsabs.harvard.edu/abs/2013PhRvL.111e1303N},
  adsnote = {Provided by the SAO/NASA Astrophysics Data System}
}

@ARTICLE{2014JCAP...05..040K,
   author = {{Kobayashi}, T.},
    title = "{Primordial magnetic fields from the post-inflationary universe}",
  journal = {\jcap},
archivePrefix = "arXiv",
   eprint = {1403.5168},
     year = 2014,
    month = may,
   volume = 5,
      eid = {040},
    pages = {40},
      doi = {10.1088/1475-7516/2014/05/040},
   adsurl = {http://adsabs.harvard.edu/abs/2014JCAP...05..040K},
  adsnote = {Provided by the SAO/NASA Astrophysics Data System}
}

@ARTICLE{2013PhLB..726...45P,
   author = {{Paoletti}, D. and {Finelli}, F.},
    title = "{Constraints on a stochastic background of primordial magnetic fields with WMAP and South Pole Telescope data}",
  journal = {Physics Letters B},
archivePrefix = "arXiv",
   eprint = {1208.2625},
 primaryClass = "astro-ph.CO",
     year = 2013,
    month = oct,
   volume = 726,
    pages = {45-49},
      doi = {10.1016/j.physletb.2013.08.065},
   adsurl = {http://adsabs.harvard.edu/abs/2013PhLB..726...45P},
  adsnote = {Provided by the SAO/NASA Astrophysics Data System}
}

@ARTICLE{2014JCAP...01..009K,
   author = {{Kunze}, K.~E. and {Komatsu}, E.},
    title = "{Constraining primordial magnetic fields with distortions of the black-body spectrum of the cosmic microwave background: pre- and post-decoupling contributions}",
  journal = {\jcap},
archivePrefix = "arXiv",
   eprint = {1309.7994},
 primaryClass = "astro-ph.CO",
     year = 2014,
    month = jan,
   volume = 1,
      eid = {009},
    pages = {9},
      doi = {10.1088/1475-7516/2014/01/009},
   adsurl = {http://adsabs.harvard.edu/abs/2014JCAP...01..009K},
  adsnote = {Provided by the SAO/NASA Astrophysics Data System}
}

@ARTICLE{2013ApJ...770...47K,
   author = {{Kahniashvili}, T. and {Maravin}, Y. and {Natarajan}, A. and 
	{Battaglia}, N. and {Tevzadze}, A.~G.},
    title = "{Constraining Primordial Magnetic Fields through Large-scale Structure}",
  journal = {\apj},
archivePrefix = "arXiv",
   eprint = {1211.2769},
 primaryClass = "astro-ph.CO",
 keywords = {large-scale structure of universe, primordial nucleosynthesis},
     year = 2013,
    month = jun,
   volume = 770,
      eid = {47},
    pages = {47},
      doi = {10.1088/0004-637X/770/1/47},
   adsurl = {http://adsabs.harvard.edu/abs/2013ApJ...770...47K},
  adsnote = {Provided by the SAO/NASA Astrophysics Data System}
}

@INPROCEEDINGS{2011AAS...21813206B,
   author = {{Bowman}, J.~D. and {Morales}, M.~F. and {Hewitt}, J.~N. and 
	{MWA Collaboration}},
    title = "{The Murchison Widefield Array (MWA): Exploring the Epoch of Reionization with the Redshifted 21 cm Line}",
booktitle = {American Astronomical Society Meeting Abstracts \#218},
     year = 2011,
    month = may,
    pages = {132.06},
   adsurl = {http://adsabs.harvard.edu/abs/2011AAS...21813206B},
  adsnote = {Provided by the SAO/NASA Astrophysics Data System}
}

@INPROCEEDINGS{2013ASPC..475..377M,
   author = {{Martinez-Rubi}, O. and {Veligatla}, V.~K. and {de Bruyn}, A.~G. and 
	{Lampropoulos}, P. and {Offringa}, A.~R. and {Jelic}, V. and 
	{Yatawatta}, S. and {Koopmans}, L.~V.~E. and {Zaroubi}, S.},
    title = "{LEDDB: LOFAR Epoch of Reionization Diagnostic Database}",
booktitle = {Astronomical Data Analysis Software and Systems XXII},
     year = 2013,
   series = {Astronomical Society of the Pacific Conference Series},
   volume = 475,
archivePrefix = "arXiv",
   eprint = {1302.4462},
 primaryClass = "astro-ph.IM",
   editor = {{Friedel}, D.~N.},
    month = oct,
    pages = {377},
   adsurl = {http://adsabs.harvard.edu/abs/2013ASPC..475..377M},
  adsnote = {Provided by the SAO/NASA Astrophysics Data System}
}

@ARTICLE{2014ApJ...788..106P,
   author = {{Parsons}, A.~R. and {Liu}, A. and {Aguirre}, J.~E. and {Ali}, Z.~S. and 
	{Bradley}, R.~F. and {Carilli}, C.~L. and {DeBoer}, D.~R. and 
	{Dexter}, M.~R. and {Gugliucci}, N.~E. and {Jacobs}, D.~C. and 
	{Klima}, P. and {MacMahon}, D.~H.~E. and {Manley}, J.~R. and 
	{Moore}, D.~F. and {Pober}, J.~C. and {Stefan}, I.~I. and {Walbrugh}, W.~P.
	},
    title = "{New Limits on 21 cm Epoch of Reionization from PAPER-32 Consistent with an X-Ray Heated Intergalactic Medium at z = 7.7}",
  journal = {\apj},
archivePrefix = "arXiv",
   eprint = {1304.4991},
 keywords = {cosmology: observations, dark ages, reionization, first stars, early universe, instrumentation: interferometers, intergalactic medium, radio continuum: general},
     year = 2014,
    month = jun,
   volume = 788,
      eid = {106},
    pages = {106},
      doi = {10.1088/0004-637X/788/2/106},
   adsurl = {http://adsabs.harvard.edu/abs/2014ApJ...788..106P},
  adsnote = {Provided by the SAO/NASA Astrophysics Data System}
}

@ARTICLE{2012arXiv1201.1700G,
   author = {{Greenhill}, L.~J. and {Bernardi}, G.},
    title = "{HI Epoch of Reionization Arrays}",
  journal = {ArXiv e-prints},
archivePrefix = "arXiv",
   eprint = {1201.1700},
 primaryClass = "astro-ph.CO",
 keywords = {Astrophysics - Cosmology and Extragalactic Astrophysics, Astrophysics - Instrumentation and Methods for Astrophysics},
     year = 2012,
    month = jan,
   adsurl = {http://adsabs.harvard.edu/abs/2012arXiv1201.1700G},
  adsnote = {Provided by the SAO/NASA Astrophysics Data System}
}

@ARTICLE{2008arXiv0802.1727C,
   author = {{Carilli}, C.~L.},
    title = "{SKA Key science project: Radio observations of cosmic reionization and first light}",
  journal = {ArXiv e-prints},
archivePrefix = "arXiv",
   eprint = {0802.1727},
 keywords = {Astrophysics},
     year = 2008,
    month = feb,
   adsurl = {http://adsabs.harvard.edu/abs/2008arXiv0802.1727C},
  adsnote = {Provided by the SAO/NASA Astrophysics Data System}
}

@INPROCEEDINGS{Vanderlinde14,
   author = {{Vanderlinde}, K. and {Chime Collaboration}},
    title = "{The Canadian Hydrogen Intensity Mapping Experiment (CHIME)}",
booktitle = {Exascale Radio Astronomy},
     year = 2014,
    month = apr,
    pages = {10102},
   adsurl = {http://adsabs.harvard.edu/abs/2014era..conf10102V},
  adsnote = {Provided by the SAO/NASA Astrophysics Data System}
}

@ARTICLE{Hanle23,
   author = {{Hanle}, W.},
    title = "{{\"U}ber den Zeemaneffekt bei der Resonanzfluoreszenz}",
  journal = {Naturwissenschaften},
     year = 1923,
    month = aug,
   volume = 11,
    pages = {690-691},
      doi = {10.1007/BF01551296},
   adsurl = {http://adsabs.harvard.edu/abs/1923NW.....11..690H},
  adsnote = {Provided by the SAO/NASA Astrophysics Data System}
}

@ARTICLE{Varshalovich68,
   author = {{Varshalovich}, D.~A.},
    title = "{Dynamic particle-spin orientation in a cosmic medium}",
  journal = {Astrophysics},
     year = 1968,
    month = dec,
   volume = 4,
    pages = {215-221},
      doi = {10.1007/BF01013132},
   adsurl = {http://adsabs.harvard.edu/abs/1968Ap......4..215V},
  adsnote = {Provided by the SAO/NASA Astrophysics Data System}
}

@ARTICLE{Varshalovich71,
   author = {{Varshalovich}, D.~A.},
    title = "{Reviews of Topical Problems: Spin States of Atoms and Molecules in the Cosmic Medium}",
  journal = {Soviet Physics Uspekhi},
     year = 1971,
    month = apr,
   volume = 13,
    pages = {429-437},
      doi = {10.1070/PU1971v013n04ABEH004667},
   adsurl = {http://adsabs.harvard.edu/abs/1971SvPhU..13..429V},
  adsnote = {Provided by the SAO/NASA Astrophysics Data System}
}

@ARTICLE{Goldreich81,
   author = {{Goldreich}, P. and {Kylafis}, N.~D.},
    title = "{On mapping the magnetic field direction in molecular clouds by polarization measurements}",
  journal = {\apjl},
 keywords = {Interstellar Magnetic Fields, Line Spectra, Linear Polarization, Molecular Clouds, Radiative Transfer, Radio Spectra, Astronomical Maps, Interstellar Radiation, Polarimetry, Radio Astronomy, Zeeman Effect},
     year = 1981,
    month = jan,
   volume = 243,
    pages = {L75-L78},
      doi = {10.1086/183446},
   adsurl = {http://adsabs.harvard.edu/abs/1981ApJ...243L..75G},
  adsnote = {Provided by the SAO/NASA Astrophysics Data System}
}

@ARTICLE{Stenflo82,
   author = {{Stenflo}, J.~O.},
    title = "{The Hanle effect and the diagnostics of turbulent magnetic fields in the solar atmosphere}",
  journal = {\solphys},
 keywords = {Depolarization, Linear Polarization, Magnetic Field Configurations, Solar Atmosphere, Solar Magnetic Field, Solar Temperature, Atmospheric Turbulence, Line Spectra, Magnetic Flux, Solar Physics, Solar Spectra, Temperature Distribution},
     year = 1982,
    month = oct,
   volume = 80,
    pages = {209-226},
      doi = {10.1007/BF00147969},
   adsurl = {http://adsabs.harvard.edu/abs/1982SoPh...80..209S},
  adsnote = {Provided by the SAO/NASA Astrophysics Data System}
}

@INPROCEEDINGS{Leroy85,
   author = {{Leroy}, J.~L.},
    title = "{The Hanle effect applied to magnetic field measurements}",
 keywords = {Coherent Scattering, Magnetic Fields, Polarization (Charge Separation), Larmor Precession, Line Spectra, Magnetization, Oscillators, Quantum Mechanics},
booktitle = {Measurements of Solar Vector Magnetic Fields},
     year = 1985,
   editor = {{Hagyard}, M.~J.},
    month = may,
    pages = {121-140},
   adsurl = {http://adsabs.harvard.edu/abs/1985svmf.nasa..121L},
  adsnote = {Provided by the SAO/NASA Astrophysics Data System}
}

@INPROCEEDINGS{DeglInnocenti90,
   author = {{Landi Degl'Innocenti}, E.},
    title = "{Diagnostic of prominence magnetic fields}",
 keywords = {Astronomical Polarimetry, Solar Magnetic Field, Solar Prominences, Spectrum Analysis, Circular Polarization, Line Spectra, Solar Physics},
booktitle = {IAU Colloq. 117: Dynamics of Quiescent Prominences},
     year = 1990,
   series = {Lecture Notes in Physics, Berlin Springer Verlag},
   volume = 363,
   editor = {{Ruzdjak}, V. and {Tandberg-Hanssen}, E.},
    pages = {206-230},
      doi = {10.1007/BFb0025650},
   adsurl = {http://adsabs.harvard.edu/abs/1990LNP...363..206L},
  adsnote = {Provided by the SAO/NASA Astrophysics Data System}
}

@ARTICLE{Bommier94,
   author = {{Bommier}, V. and {Landi Degl'Innocenti}, E. and {Leroy}, J.-L. and 
	{Sahal-Brechot}, S.},
    title = "{Complete determination of the magnetic field vector and of the electron density in 14 prominences from linear polarization measurements in the HeI D3 and H-alpha lines}",
  journal = {\solphys},
 keywords = {Electron Density (Concentration), Line Spectra, Linear Polarization, Solar Magnetic Field, Solar Prominences, Solar Spectra, Vectors (Mathematics), Astronomical Polarimetry, Coronagraphs, Deuterium, Helium, Polarimeters},
     year = 1994,
    month = oct,
   volume = 154,
    pages = {231-260},
      doi = {10.1007/BF00681098},
   adsurl = {http://adsabs.harvard.edu/abs/1994SoPh..154..231B},
  adsnote = {Provided by the SAO/NASA Astrophysics Data System}
}

@ARTICLE{Yan06,
   author = {{Yan}, H. and {Lazarian}, A.},
    title = "{Polarization of Absorption Lines as a Diagnostics of Circumstellar, Interstellar, and Intergalactic Magnetic Fields: Fine-Structure Atoms}",
  journal = {\apj},
   eprint = {astro-ph/0611281},
 keywords = {Atomic Processes, ISM: Magnetic Fields, Polarization},
     year = 2006,
    month = dec,
   volume = 653,
    pages = {1292-1313},
      doi = {10.1086/508704},
   adsurl = {http://adsabs.harvard.edu/abs/2006ApJ...653.1292Y},
  adsnote = {Provided by the SAO/NASA Astrophysics Data System}
}

@ARTICLE{Yan07,
   author = {{Yan}, H. and {Lazarian}, A.},
    title = "{Polarization from Aligned Atoms as a Diagnostic of Circumstellar, Active Galactic Nuclei, and Interstellar Magnetic Fields. II. Atoms with Hyperfine Structure}",
  journal = {\apj},
   eprint = {astro-ph/0611282},
 keywords = {Atomic Processes, ISM: Atoms, Magnetic Fields, Polarization},
     year = 2007,
    month = mar,
   volume = 657,
    pages = {618-640},
      doi = {10.1086/510847},
   adsurl = {http://adsabs.harvard.edu/abs/2007ApJ...657..618Y},
  adsnote = {Provided by the SAO/NASA Astrophysics Data System}
}

@ARTICLE{Yan08,
   author = {{Yan}, H. and {Lazarian}, A.},
    title = "{Atomic Alignment and Diagnostics of Magnetic Fields in Diffuse Media}",
  journal = {\apj},
archivePrefix = "arXiv",
   eprint = {0711.0926},
 keywords = {Atomic Processes, Magnetic Fields, Polarization},
     year = 2008,
    month = apr,
   volume = 677,
    pages = {1401-1424},
      doi = {10.1086/533410},
   adsurl = {http://adsabs.harvard.edu/abs/2008ApJ...677.1401Y},
  adsnote = {Provided by the SAO/NASA Astrophysics Data System}
}

@ARTICLE{Sironi14,
   author = {{Sironi}, L. and {Giannios}, D.},
    title = "{Relativistic Pair Beams from TeV Blazars: A Source of Reprocessed GeV Emission rather than Intergalactic Heating}",
  journal = {\apj},
archivePrefix = "arXiv",
   eprint = {1312.4538},
 primaryClass = "astro-ph.HE",
 keywords = {gamma rays: general, instabilities, intergalactic medium, plasmas, radiation mechanisms: non-thermal},
     year = 2014,
    month = may,
   volume = 787,
      eid = {49},
    pages = {49},
      doi = {10.1088/0004-637X/787/1/49},
   adsurl = {http://adsabs.harvard.edu/abs/2014ApJ...787...49S},
  adsnote = {Provided by the SAO/NASA Astrophysics Data System}
}

@ARTICLE{Yan12,
   author = {{Yan}, H. and {Lazarian}, A.},
    title = "{Tracing magnetic fields with ground state alignment}",
  journal = {\jqsrt},
archivePrefix = "arXiv",
   eprint = {1203.5571},
 primaryClass = "astro-ph.GA",
     year = 2012,
    month = aug,
   volume = 113,
    pages = {1409-1428},
      doi = {10.1016/j.jqsrt.2012.03.027},
   adsurl = {http://adsabs.harvard.edu/abs/2012JQSRT.113.1409Y},
  adsnote = {Provided by the SAO/NASA Astrophysics Data System}
}

@ARTICLE{2014PhRvD..89j3522S,
   author = {{Shiraishi}, M. and {Tashiro}, H. and {Ichiki}, K.},
    title = "{21{\^A} cm fluctuations from primordial magnetic fields}",
  journal = {\prd},
archivePrefix = "arXiv",
   eprint = {1403.2608},
 keywords = {Observational cosmology},
     year = 2014,
    month = may,
   volume = 89,
   number = 10,
      eid = {103522},
    pages = {103522},
      doi = {10.1103/PhysRevD.89.103522},
   adsurl = {http://adsabs.harvard.edu/abs/2014PhRvD..89j3522S},
  adsnote = {Provided by the SAO/NASA Astrophysics Data System}
}

@ARTICLE{2006MNRAS.372.1060T,
   author = {{Tashiro}, H. and {Sugiyama}, N.},
    title = "{Probing primordial magnetic fields with the 21-cm fluctuations}",
  journal = {\mnras},
   eprint = {astro-ph/0607169},
 keywords = {magnetic fields, cosmology: theory, large-scale structure of Universe},
     year = 2006,
    month = nov,
   volume = 372,
    pages = {1060-1068},
      doi = {10.1111/j.1365-2966.2006.10901.x},
   adsurl = {http://adsabs.harvard.edu/abs/2006MNRAS.372.1060T},
  adsnote = {Provided by the SAO/NASA Astrophysics Data System}
}

@ARTICLE{2009ApJ...692..236S,
   author = {{Schleicher}, D.~R.~G. and {Banerjee}, R. and {Klessen}, R.~S.
	},
    title = "{Influence of Primordial Magnetic Fields on 21 cm Emission}",
  journal = {\apj},
archivePrefix = "arXiv",
   eprint = {0808.1461},
 keywords = {atomic processes, cosmology: theory, early universe, magnetic fields, turbulence},
     year = 2009,
    month = feb,
   volume = 692,
    pages = {236-245},
      doi = {10.1088/0004-637X/692/1/236},
   adsurl = {http://adsabs.harvard.edu/abs/2009ApJ...692..236S},
  adsnote = {Provided by the SAO/NASA Astrophysics Data System}
}

@ARTICLE{1997ApJ...475..429M,
   author = {{Madau}, P. and {Meiksin}, A. and {Rees}, M.~J.},
    title = "{21 Centimeter Tomography of the Intergalactic Medium at High Redshift}",
  journal = {\apj},
   eprint = {astro-ph/9608010},
 keywords = {Cosmology: Theory, Cosmology: Diffuse Radiation, Galaxies: Intergalactic Medium, Galaxies: Quasars: General, Radio Lines: General},
     year = 1997,
    month = feb,
   volume = 475,
    pages = {429-444},
   adsurl = {http://adsabs.harvard.edu/abs/1997ApJ...475..429M},
  adsnote = {Provided by the SAO/NASA Astrophysics Data System}
}

@ARTICLE{2004PhRvL..92u1301L,
   author = {{Loeb}, A. and {Zaldarriaga}, M.},
    title = "{Measuring the Small-Scale Power Spectrum of Cosmic Density Fluctuations through 21cm Tomography Prior to the Epoch of Structure Formation}",
  journal = {Physical Review Letters},
   eprint = {astro-ph/0312134},
 keywords = {Background radiations, Radiative transfer, scattering, Galaxy groups clusters and superclusters, large scale structure of the Universe, Observational cosmology},
     year = 2004,
    month = may,
   volume = 92,
   number = 21,
      eid = {211301},
    pages = {211301},
      doi = {10.1103/PhysRevLett.92.211301},
   adsurl = {http://adsabs.harvard.edu/abs/2004PhRvL..92u1301L},
  adsnote = {Provided by the SAO/NASA Astrophysics Data System}
}

@ARTICLE{2005ApJ...635....1B,
   author = {{Babich}, D. and {Loeb}, A.},
    title = "{Polarization of 21 cm Radiation from the Epoch of Reionization}",
  journal = {\apj},
   eprint = {astro-ph/0505358},
 keywords = {Cosmology: Theory, Cosmology: Diffuse Radiation, Galaxies: Intergalactic Medium, Polarization, Radio Lines: General},
     year = 2005,
    month = dec,
   volume = 635,
    pages = {1-10},
      doi = {10.1086/497297},
   adsurl = {http://adsabs.harvard.edu/abs/2005ApJ...635....1B},
  adsnote = {Provided by the SAO/NASA Astrophysics Data System}
}

@ARTICLE{2014PhRvD..89l3002D,
   author = {{De}, S. and {Tashiro}, H.},
    title = "{Galactic Faraday rotation effect on polarization of 21{\^A} cm lines from the epoch of reionization}",
  journal = {\prd},
archivePrefix = "arXiv",
   eprint = {1307.3584},
 primaryClass = "astro-ph.CO",
 keywords = {Electric and magnetic fields, Background radiations, Cosmology},
     year = 2014,
    month = jun,
   volume = 89,
   number = 12,
      eid = {123002},
    pages = {123002},
      doi = {10.1103/PhysRevD.89.123002},
   adsurl = {http://adsabs.harvard.edu/abs/2014PhRvD..89l3002D},
  adsnote = {Provided by the SAO/NASA Astrophysics Data System}
}

@ARTICLE{2011ApJ...729...73M,
   author = {{Miniati}, F. and {Bell}, A.~R.},
    title = "{Resistive Magnetic Field Generation at Cosmic Dawn}",
  journal = {\apj},
archivePrefix = "arXiv",
   eprint = {1001.2011},
 primaryClass = "astro-ph.CO",
 keywords = {intergalactic medium, large-scale structure of universe, magnetic fields, methods: analytical, methods: numerical, plasmas},
     year = 2011,
    month = mar,
   volume = 729,
      eid = {73},
    pages = {73},
      doi = {10.1088/0004-637X/729/1/73},
   adsurl = {http://adsabs.harvard.edu/abs/2011ApJ...729...73M},
  adsnote = {Provided by the SAO/NASA Astrophysics Data System}
}

@ARTICLE{Miniati13,
   author = {{Miniati}, F. and {Elyiv}, A.},
    title = "{Relaxation of Blazar-induced Pair Beams in Cosmic Voids}",
  journal = {\apj},
archivePrefix = "arXiv",
   eprint = {1208.1761},
 primaryClass = "astro-ph.CO",
 keywords = {gamma rays: general, instabilities, intergalactic medium, plasmas, radiation mechanisms: non-thermal, relativistic processes },
     year = 2013,
    month = jun,
   volume = 770,
      eid = {54},
    pages = {54},
      doi = {10.1088/0004-637X/770/1/54},
   adsurl = {http://adsabs.harvard.edu/abs/2013ApJ...770...54M},
  adsnote = {Provided by the SAO/NASA Astrophysics Data System}
}

@ARTICLE{Chang14,
   author = {{Chang}, P. and {Broderick}, A.~E. and {Pfrommer}, C. and {Puchwein}, E. and 
	{Lamberts}, A. and {Shalaby}, M.},
    title = "{The Effect of Nonlinear Landau Damping on Ultrarelativistic Beam Plasma Instabilities}",
  journal = {ArXiv e-prints},
archivePrefix = "arXiv",
   eprint = {1410.3797},
 primaryClass = "astro-ph.HE",
 keywords = {Astrophysics - High Energy Astrophysical Phenomena, Astrophysics - Cosmology and Nongalactic Astrophysics},
     year = 2014,
    month = oct,
   adsurl = {http://adsabs.harvard.edu/abs/2014arXiv1410.3797C},
  adsnote = {Provided by the SAO/NASA Astrophysics Data System}
}

@ARTICLE{Dermer11,
   author = {{Dermer}, C.~D. and {Cavadini}, M. and {Razzaque}, S. and {Finke}, J.~D. and 
	{Chiang}, J. and {Lott}, B.},
    title = "{Time Delay of Cascade Radiation for TeV Blazars and the Measurement of the Intergalactic Magnetic Field}",
  journal = {\apjl},
archivePrefix = "arXiv",
   eprint = {1011.6660},
 primaryClass = "astro-ph.HE",
 keywords = {galaxies: jets, gamma rays: galaxies, radiation mechanisms: non-thermal},
     year = 2011,
    month = jun,
   volume = 733,
      eid = {L21},
    pages = {L21},
      doi = {10.1088/2041-8205/733/2/L21},
   adsurl = {http://adsabs.harvard.edu/abs/2011ApJ...733L..21D},
  adsnote = {Provided by the SAO/NASA Astrophysics Data System}
}

@ARTICLE{Taylor11,
   author = {{Taylor}, A.~M. and {Vovk}, I. and {Neronov}, A.},
    title = "{Extragalactic magnetic fields constraints from simultaneous GeV-TeV observations of blazars}",
  journal = {\aap},
archivePrefix = "arXiv",
   eprint = {1101.0932},
 primaryClass = "astro-ph.HE",
 keywords = {astroparticle physics, magnetic fields, radiative transfer},
     year = 2011,
    month = may,
   volume = 529,
      eid = {A144},
    pages = {A144},
      doi = {10.1051/0004-6361/201116441},
   adsurl = {http://adsabs.harvard.edu/abs/2011A%26A...529A.144T},
  adsnote = {Provided by the SAO/NASA Astrophysics Data System}
}

@ARTICLE{Goldreich73a,
   author = {{Goldreich}, P. and {Keeley}, D.~A. and {Kwan}, J.~Y.},
    title = "{Astrophysical Masers. 11. Polarization Properties}",
  journal = {\apj},
     year = 1973,
    month = jan,
   volume = 179,
    pages = {111-134},
      doi = {10.1086/151852},
   adsurl = {http://adsabs.harvard.edu/abs/1973ApJ...179..111G},
  adsnote = {Provided by the SAO/NASA Astrophysics Data System}
}

@ARTICLE{Goldreich73b,
   author = {{Goldreich}, P. and {Keeley}, D.~A. and {Kwan}, J.~Y.},
    title = "{Astrophysical Masers. 111. Trapped Infrared Lines and Cross-Relaxation}",
  journal = {\apj},
     year = 1973,
    month = may,
   volume = 182,
    pages = {55-66},
      doi = {10.1086/152118},
   adsurl = {http://adsabs.harvard.edu/abs/1973ApJ...182...55G},
  adsnote = {Provided by the SAO/NASA Astrophysics Data System}
}
@ARTICLE{2014arXiv1410.2250V,
   author = {{Venumadhav}, T. and {Oklopcic}, A. and {Gluscevic}, V. and 
	{Mishra}, A. and {Hirata}, C.~M.},
    title = "{A new probe of magnetic fields in the pre-reionization epoch: I. Formalism}",
  journal = {ArXiv e-prints},
archivePrefix = "arXiv",
   eprint = {1410.2250},
 keywords = {Astrophysics - Cosmology and Nongalactic Astrophysics},
     year = 2014,
    month = oct,
   adsurl = {http://adsabs.harvard.edu/abs/2014arXiv1410.2250V},
  adsnote = {Provided by the SAO/NASA Astrophysics Data System}
}
@ARTICLE{2015arXiv150201594P,
   author = {{Planck Collaboration} and {Ade}, P.~A.~R. and {Aghanim}, N. and 
	{Arnaud}, M. and {Arroja}, F. and {Ashdown}, M. and {Aumont}, J. and 
	{Baccigalupi}, C. and {Ballardini}, M. and {Banday}, A.~J. and et al.},
    title = "{Planck 2015 results. XIX. Constraints on primordial magnetic fields}",
  journal = {ArXiv e-prints},
archivePrefix = "arXiv",
   eprint = {1502.01594},
 keywords = {Astrophysics - Cosmology and Nongalactic Astrophysics},
     year = 2015,
    month = feb,
   adsurl = {http://adsabs.harvard.edu/abs/2015arXiv150201594P},
  adsnote = {Provided by the SAO/NASA Astrophysics Data System}
}
@INPROCEEDINGS{2015AAS...22532803D,
   author = {{DeBoer}, D.~R. and {HERA}},
    title = "{Hydrogen Epoch of Reionization Array (HERA)}",
booktitle = {American Astronomical Society Meeting Abstracts},
     year = 2015,
   series = {American Astronomical Society Meeting Abstracts},
   volume = 225,
    month = jan,
    pages = {328.03},
   adsurl = {http://adsabs.harvard.edu/abs/2015AAS...22532803D},
  adsnote = {Provided by the SAO/NASA Astrophysics Data System}
}

@ARTICLE{2009PhRvD..79h3530T,
   author = {{Tegmark}, M. and {Zaldarriaga}, M.},
    title = "{Fast Fourier transform telescope}",
  journal = {\prd},
archivePrefix = "arXiv",
   eprint = {0805.4414},
 keywords = {Observational cosmology},
     year = 2009,
    month = apr,
   volume = 79,
   number = 8,
      eid = {083530},
    pages = {083530},
      doi = {10.1103/PhysRevD.79.083530},
   adsurl = {http://adsabs.harvard.edu/abs/2009PhRvD..79h3530T},
  adsnote = {Provided by the SAO/NASA Astrophysics Data System}
}
@ARTICLE{2003PhRvD..67h3002O,
   author = {{Okamoto}, T. and {Hu}, W.},
    title = "{Cosmic microwave background lensing reconstruction on the full sky}",
  journal = {\prd},
   eprint = {astro-ph/0301031},
 keywords = {Background radiations},
     year = 2003,
    month = apr,
   volume = 67,
   number = 8,
      eid = {083002},
    pages = {083002},
      doi = {10.1103/PhysRevD.67.083002},
   adsurl = {http://adsabs.harvard.edu/abs/2003PhRvD..67h3002O},
  adsnote = {Provided by the SAO/NASA Astrophysics Data System}
}
@ARTICLE{2013PhRvE..87e3110P,
   author = {{Park}, K. and {Blackman}, E.~G. and {Subramanian}, K.},
    title = "{Large-scale dynamo growth rates from numerical simulations and implications for mean-field theories}",
  journal = {\pre},
archivePrefix = "arXiv",
   eprint = {1305.2080},
 primaryClass = "physics.plasm-ph",
 keywords = {Magnetohydrodynamics and plasmas},
     year = 2013,
    month = may,
   volume = 87,
   number = 5,
      eid = {053110},
    pages = {053110},
      doi = {10.1103/PhysRevE.87.053110},
   adsurl = {http://adsabs.harvard.edu/abs/2013PhRvE..87e3110P},
  adsnote = {Provided by the SAO/NASA Astrophysics Data System}
}
